<?xml version="1.0" encoding="UTF-8"?><record xmlns="http://www.loc.gov/MARC21/slim" xmlns:cinclude="http://apache.org/cocoon/include/1.0" xmlns:zs="http://www.loc.gov/zing/srw/">
  <leader>00480cz  a2200133n  4500</leader>
  <controlfield tag="001">n 2003005846</controlfield>
  <controlfield tag="003">DLC</controlfield>
  <controlfield tag="005">20030227133542.0</controlfield>
  <controlfield tag="008">030226n| acannaabn          |n aaa      </controlfield>
  <datafield tag="010" ind1=" " ind2=" ">
    <subfield code="a">n 2003005846</subfield>
  </datafield>
  <datafield tag="040" ind1=" " ind2=" ">
    <subfield code="a">DLC</subfield>
    <subfield code="b">eng</subfield>
    <subfield code="c">DLC</subfield>
  </datafield>
  <datafield tag="100" ind1="1" ind2=" ">
    <subfield code="a">Lévy, Marc,</subfield>
    <subfield code="d">1943-</subfield>
  </datafield>
  <datafield tag="670" ind1=" " ind2=" ">
    <subfield code="a">Lévy, Marc. Quelle médecine pour demain? pour quelle éthique?, c1998:</subfield>
    <subfield code="b">t.p. (Docteur Marc Lévy) cover p. 4 (physician and psychiatrist)</subfield>
  </datafield>
  <datafield tag="670" ind1=" " ind2=" ">
    <subfield code="a">BN-OPALE PLUS, Feb. 26, 2003:</subfield>
    <subfield code="b">(hdg.: Lévy, Marc, 1943-)</subfield>
  </datafield>
</record>